<?xml version="1.0" encoding="UTF-8"?><collection xmlns="http://www.loc.gov/MARC21/slim"><record><leader>00512nam--2200181-i-4500</leader><controlfield tag="001">000045708</controlfield><controlfield tag="002">20161230</controlfield><controlfield tag="005">20161230201045</controlfield><controlfield tag="008">060222s1000------------r-----000-0-fre-d</controlfield><datafield ind1=" " ind2=" " tag="040"><subfield code="a">IFIN-HH</subfield></datafield><datafield ind1=" " ind2=" " tag="041"><subfield code="a">fre</subfield></datafield><datafield ind1=" " ind2=" " tag="080"><subfield code="a">539.196(043)</subfield></datafield><datafield ind1="1" ind2=" " tag="100"><subfield code="a">Tronc,Michel</subfield></datafield><datafield ind1="1" ind2="0" tag="245"><subfield code="a">Effets isotopiques dans la formation d`ions negatifs par attachement dissociatif</subfield><subfield code="b">These</subfield><subfield code="c">Michel tronc</subfield></datafield><datafield ind1=" " ind2=" " tag="260"><subfield code="a">Paris</subfield><subfield code="b">Universite De Paris-sud</subfield><subfield code="c">1973</subfield></datafield><datafield ind1=" " ind2=" " tag="300"><subfield code="a">129 P</subfield></datafield><datafield ind1=" " ind2=" " tag="852"><subfield code="a">40432</subfield><subfield code="c">539.19</subfield></datafield><datafield ind1=" " ind2=" " tag="CAT"><subfield code="a">Sys</subfield><subfield code="c">20120713</subfield><subfield code="h">132309</subfield></datafield></record></collection>